@BOOK{hft2010,
author = {I. Aldridge},
title = {High-frequency trading},
year = {2010},
publisher = {John Wiley \& Sons, Inc.},
}

@article{imsr,
author = {C. Nadungodage and Y. Xia and F. Li and F. Ge},
title = {StreamFitter: A real time linear regression analysis system for continuous data streams},
journal = {Database Systems for Advanced Applications},
volume = {6588},
pages = {458-461},
year = {2012, w druku},
}

@article{sas,
author = {J. Choy},
title = {Visualizing data techniques, including auto-charting and big data for SAS},
journal = {SAS Global Forum},
year = {2012},
}

@inproceedings{DKreg,
author = {D. Kosiorowski},
title = {O Odporności estymatorów parametrów modelu Logistycznego i koncepcji głębi regresyjnej},
booktitle = {Konferencja Aktuarialna},
year = {2008},
}

@Article{lad,
author = {P. Rousseeuw},
title = {Least median of squares regression},
journal = {Journal of the American Statistical Association},
year = {1984},
volume = {79},
pages = {871 - 880},
}

@Article{graphprism,
author = {S. Kairam and D. MacLean and M. Savva and J. Heer},
title = {GraphPrism: compact visualization of network structure},
journal = {Advanced Visual Interfaces},
year = {2012},
}


@BOOK{Warden2011,
AUTHOR = {P. Warden},
TITLE = {Big data glossary},
PUBLISHER = {O’Reilly Media, Inc.},
YEAR = {2011},
} }

@BOOK{Czech2010,
AUTHOR = {Z. Czech},
TITLE = {Wprowadzenie do obliczeń równoległych},
PUBLISHER = {PWN},
YEAR = {2010},
}

@BOOK{Hardle1990,
AUTHOR = {W. Hardle},
TITLE = {Applied nonparametric regression},
PUBLISHER = {Cambridge University Press},
YEAR = {1990},
}

@BOOK{Karbowski2009,
AUTHOR = {A. Karbowski and E. Niewiadomska-Szynkiewicz},
TITLE = {Programowanie równoległe i rozproszone},
PUBLISHER = {Oficyna Wydawnicza Politechniki Warszawskiej},
YEAR = {2009},
}

@BOOK{BDnow,
AUTHOR = {O'Reilly},
TITLE = {Big data now: 2012 Edition},
PUBLISHER = {O’Reilly Media, Inc.},
YEAR = {2012},

}

@BOOK{Huber2011,
AUTHOR = {P. Huber},
TITLE = {Data analysis: what can be learned from the past 50 years},
PUBLISHER = {John Wiley \& Sons},
YEAR = {2011},
}

@BOOK{sanders2011,
AUTHOR = {J. Sanders and E. Kandrot},
TITLE = {CUDA by example},
PUBLISHER = {Pearson Eduction},
YEAR = {2011},
}

@BOOK{kirk2010,
AUTHOR = {D. Kirk and W. Hwu},
TITLE = {Programming massively parallel processors},
PUBLISHER = {Pearson Eduction},
YEAR = {2011},
}


@BOOK{Cormen,
AUTHOR = {T. Cormen and Ch. Leiserson and R. Rivest},
TITLE = {Wprowadzenie do algorytmów},
PUBLISHER = {Wydawnictow Naukowo Techniczne},
YEAR = {2001},
}



@BOOK{Harel,
AUTHOR = {D. Harel and Y. Feldman},
TITLE = {Rzecz o Istocie Informatyki},
PUBLISHER = {Wydawnictow Naukowo Techniczne},
YEAR = {2008},
}

@TechReport{LevMarq,
author = {M. Lourakis},
title = {A Brief description of the Levenberg-Marquardt algorithm implemented by Levmar},
institution = {Institute of Computer Science},
year = {2005},
}


@Book{Hadley2009,
    author = {H. Wickham},
    title = {ggplot2: Elegant graphics for data analysis},
    publisher = {Springer New York},
    year = {2009},
  }
  
  @Manual{bigvis,
    title = {bigvis: Tools for visualisation of big data sets},
    author = {H. Wickham and Y. Hue},
    note = {R package version 0.1},
  }


@TechReport{bigtext,
author = {A. Heijs},
title = {Big data: rethinking text visualization},
institution = {Treparel},
year = {2013},
}

@article{rhipe,
author = {J. Guha},
title = {Large complex data: divide and recombine with RHIPE},
journal = {Journal of the International Statistical Institute},
volume = {1},
number = {1},
year = {2012, w druku},
}

@TechReport{mapreduce,
author = {J. Dean and S. Ghemawat},
title = {MapReduce: simplified data processing on large clusters},
institution = {Google Inc},
year = {2004},
}

@TechReport{matgpu,
author = {J. Reese and S. Zaranek},
title = {GPU programming in MATLAB},
institution = {MathWorks},
year = {2011},
}

@article{bigtable,
author = {F. Chang and J. Dean and S. Ghemawat and W. Hsieh and D. Wallach and M. Burrows and T. Chandra and A. Fikes and R. Gruber},
title = {Bigtable: A distributed storage system for structured data},
journal = {OSDI '06 Proceedings of the 7th USENIX Symposium on Operating Systems Design and Implementation},
volume = {7},
pages = {15-15},
year = {2006},
}


@article{nosql,
author = {Ch. Strauch},
title = {NoSQL databases: a step to database scalability in web environment},
journal = {Proceedings of the 13th International Conference on Information Integration and Web-based Applications and Services},
pages = (278-283},
year = {2011},
}



@article{Ania,
author = {Anna Węgrzynkiewicz},
title = {Nieparametryczne estymatory jądrowe regresji w zastosowaniach ekonomicznych},
journal = {Praca magisterska, Wydział Zarządzania UEK w Krakowie},
year = {2013},
note = {maszynopis},
}


@TechReport{DRM,
author = {S. Aelst and P. Rousseeuw and M. Hubert and A. Struyf},
title = {The deepest regression method},
institution = {Department of Mathematics and Computer Science, U.I.A},
year = {2000},
}

@BOOK{Wielo,
AUTHOR = {D. Kosiorowski},
TITLE = {Wstęp do wielowymiarowej analizy statystycznej zjawisk ekonomicznych},
PUBLISHER = {Wydawnictwo Uniwersytetu Ekonomicznego w Krakowie},
YEAR = {2008},
}

@article{stream,
author = {D. Kosiorowski},
title = {Głębia położenia-rozrzutu w strumieniowej analizie danych Ekonomicznych},
journal = {Przegląd Statystyczny -  numer specjalny 1 w związku z Kongresem Statystyki Polskiej},
volume = {1},
pages = {87-108},
}

@BOOK{doman,
AUTHOR = {M. Doman and R. Doman},
TITLE = {Modelowanie zmienności i ryzyka},
PUBLISHER = {Wolters Kluwer Business},
YEAR = {2009},
}

@Manual{robustbase,
    title = {robustbase: Basic robust statistics.},
    author = {P. Rousseeuw and Ch. Croux and V. Todorov and A. Ruckstuhl and M. Salibian-Barrera and T. Verbeke and M. Koller and M. Maechler},
    note = {R package version 0.9-7},
  }
  
  
  @Manual{depthproc,
    title = {depthproc: Package for depths.},
    author = {D. Kosiorowski and M. Bocian and A. Wegrzynkiewicz and Z. Zawadzki },
    note = {R package version 1.0},
  }
  

  